
@article{artazcoz2009,
  title = {Understanding the Relationship of Long Working Hours with Health Status and Health-Related Behaviours},
  author = {Artazcoz, L and Cort{\`e}s, I and {Escrib{\`a}-Ag{\"u}ir}, V and Cascant, L and Villegas, R},
  year = {2009},
  journal = {Journal of Epidemiology and Community Health (1979-)},
  volume = {63},
  number = {7},
  pages = {521--527},
  publisher = {{BMJ}},
  issn = {0143-005X},
  file = {C\:\\Users\\chris\\Zotero\\storage\\REVAVRKU\\Artazcoz et al. - 2009 - Understanding the relationship of long working hou.pdf}
}

@misc{bls2019,
  title = {Data {{Retrieval}}: {{American Time Use Survey}} ({{ATUS}})},
  journal = {U.S. Bureau of Labor Statistics},
  howpublished = {https://www.bls.gov/webapps/legacy/tustab4.htm},
  langid = {english},
  file = {C\:\\Users\\chris\\Zotero\\storage\\IRB4QYB6\\tustab4.html}
}

@misc{cdc2020,
  title = {Knowing {{Your Risk}}: {{High Cholesterol}}},
  shorttitle = {Knowing {{Your Risk}}},
  author = {CDC},
  year = {2020},
  month = jan,
  journal = {Centers for Disease Control and Prevention},
  howpublished = {https://www.cdc.gov/cholesterol/risk\_factors.htm},
  langid = {american},
  file = {C\:\\Users\\chris\\Zotero\\storage\\95A4ALLD\\risk_factors.html}
}

@article{doerrmann2020,
  title = {The {{Association Between Hours Spent}} at {{Work}} and {{Obesity Status}}: {{Results From NHANES}} 2015 to 2016},
  shorttitle = {The {{Association Between Hours Spent}} at {{Work}} and {{Obesity Status}}},
  author = {Doerrmann, Caitlin and Oancea, S. Cristina and Selya, Arielle},
  year = {2020},
  month = may,
  journal = {American Journal of Health Promotion},
  volume = {34},
  number = {4},
  pages = {359--365},
  publisher = {{SAGE Publications Inc}},
  issn = {0890-1171},
  doi = {10.1177/0890117119897189},
  langid = {english},
  keywords = {40 hours a week,hours worked,NHANES,number of hours,obesity,recent},
  file = {C\:\\Users\\chris\\Zotero\\storage\\64Q7ZZ6Y\\Doerrmann et al. - 2020 - The Association Between Hours Spent at Work and Ob.pdf}
}

@misc{euro2021,
  title = {Working Hours in {{EU}}: {{What}} Are the Minimum Standards?},
  shorttitle = {Working Hours in {{EU}}},
  year = {21},
  month = apr,
  journal = {Your Europe},
  howpublished = {https://europa.eu/youreurope/business/human-resources/working-hours-holiday-leave/working-hours/index\_en.htm},
  langid = {english},
  file = {C\:\\Users\\chris\\Zotero\\storage\\HP4IDWL5\\index_en.html}
}

@article{ferrara2021,
  title = {The Economic Impact of Hypercholesterolemia and Mixed Dyslipidemia: {{A}} Systematic Review of Cost of Illness Studies},
  shorttitle = {The Economic Impact of Hypercholesterolemia and Mixed Dyslipidemia},
  author = {Ferrara, Pietro and Laura, Danilo Di and Cortesi, Paolo A. and Mantovani, Lorenzo G.},
  year = {2021},
  month = jul,
  journal = {PLOS ONE},
  volume = {16},
  number = {7},
  pages = {e0254631},
  publisher = {{Public Library of Science}},
  issn = {1932-6203},
  doi = {10.1371/journal.pone.0254631},
  langid = {english},
  keywords = {Cardiovascular diseases,Dyslipidemia,Economic impact analysis,Economics,Familial hypercholesterolemia,Health economics,Hypercholesterolemia,Inpatients,recent},
  file = {C\:\\Users\\chris\\Zotero\\storage\\XNFYZ2FD\\Ferrara et al. - 2021 - The economic impact of hypercholesterolemia and mi.pdf;C\:\\Users\\chris\\Zotero\\storage\\GGWPWFPY\\article.html}
}

@misc{flsa1938,
  title = {Fair {{Labor Standards Act}}},
  year = {1938},
  month = jun,
  number = {75-718},
  pages = {1060--1070},
  file = {C\:\\Users\\chris\\Zotero\\storage\\MBEFCQDW\\FairLaborStandAct.pdf}
}

@misc{healthy2020,
  title = {Heart {{Disease}} and {{Stroke}}},
  year = {22},
  month = feb,
  journal = {Healthy People 2020},
  howpublished = {https://www.healthypeople.gov/2020/topics-objectives/topic/heart-disease-and-stroke/objectives},
  file = {C\:\\Users\\chris\\Zotero\\storage\\PGNWGXLI\\objectives.html}
}

@article{kivimaki2015,
  title = {Long Working Hours and Risk of Coronary Heart Disease and Stroke: A Systematic Review and Meta-Analysis of Published and Unpublished Data for 603 838 Individuals},
  shorttitle = {Long Working Hours and Risk of Coronary Heart Disease and Stroke},
  author = {Kivim{\"a}ki, Mika and Jokela, Markus and Nyberg, Solja T. and {Singh-Manoux}, Archana and Fransson, Eleonor I. and Alfredsson, Lars and Bjorner, Jakob B. and Borritz, Marianne and Burr, Hermann and Casini, Annalisa and Clays, Els and Bacquer, Dirk De and Dragano, Nico and Erbel, Raimund and Geuskens, Goedele A. and Hamer, Mark and Hooftman, Wendela E. and Houtman, Irene L. and J{\"o}ckel, Karl-Heinz and Kittel, France and Knutsson, Anders and Koskenvuo, Markku and Lunau, Thorsten and Madsen, Ida E. H. and Nielsen, Martin L. and Nordin, Maria and Oksanen, Tuula and Pejtersen, Jan H. and Pentti, Jaana and Rugulies, Reiner and Salo, Paula and Shipley, Martin J. and Siegrist, Johannes and Steptoe, Andrew and Suominen, Sakari B. and Theorell, T{\"o}res and Vahtera, Jussi and Westerholm, Peter J. M. and Westerlund, Hugo and O'Reilly, Dermot and Kumari, Meena and Batty, G. David and Ferrie, Jane E. and Virtanen, Marianna},
  year = {2015},
  month = oct,
  journal = {The Lancet},
  volume = {386},
  number = {10005},
  pages = {1739--1746},
  publisher = {{Elsevier}},
  issn = {0140-6736, 1474-547X},
  doi = {10.1016/S0140-6736(15)60295-1},
  langid = {english},
  pmid = {26298822},
  keywords = {impact,recent},
  file = {C\:\\Users\\chris\\Zotero\\storage\\WVSMZ4ZC\\Kivim√§ki et al. - 2015 - Long working hours and risk of coronary heart dise.pdf;C\:\\Users\\chris\\Zotero\\storage\\8A3HJRIS\\fulltext.html}
}

@article{kivimaki2018,
  title = {Effects of Stress on the Development and Progression of Cardiovascular Disease},
  author = {Kivim{\"a}ki, Mika and Steptoe, Andrew},
  year = {2018},
  month = apr,
  journal = {Nature Reviews Cardiology},
  volume = {15},
  number = {4},
  pages = {215--230},
  publisher = {{Nature Publishing Group}},
  issn = {17595002},
  doi = {10.1038/nrcardio.2017.189},
  langid = {english},
  keywords = {model,recent},
  file = {C\:\\Users\\chris\\Zotero\\storage\\ZRSIGFVH\\Kivimaki and Steptoe - 2018 - Effects of stress on the development and progressi.pdf;C\:\\Users\\chris\\Zotero\\storage\\289K55PW\\i.html}
}

@article{lee2016,
  title = {The Effect of Long Working Hours on 10-Year Risk of Coronary Heart Disease and Stroke in the {{Korean}} Population: The {{Korea National Health}} and {{Nutrition Examination Survey}} ({{KNHANES}}), 2007 to 2013},
  shorttitle = {The Effect of Long Working Hours on 10-Year Risk of Coronary Heart Disease and Stroke in the {{Korean}} Population},
  author = {Lee, Dong-Wook and Hong, Yun-Chul and Min, Kyoung-Bok and Kim, Tae-Shik and Kim, Min-Seok and Kang, Mo-Yeol},
  year = {2016},
  month = jan,
  journal = {Annals of Occupational and Environmental Medicine},
  volume = {28},
  number = {1},
  issn = {2052-4374},
  doi = {10.1186/s40557-016-0149-5},
  langid = {english},
  keywords = {likeme,recent},
  file = {C\:\\Users\\chris\\Zotero\\storage\\Q7P89KFF\\Lee et al. - 2016 - The effect of long working hours on 10-year risk o.pdf;C\:\\Users\\chris\\Zotero\\storage\\PAUGAMS8\\DOIx.html}
}

@article{lemke2017,
  title = {Work, Sleep, and Cholesterol Levels of {{U}}.{{S}}. Long-Haul Truck Drivers},
  author = {Lemke, Michael K. and Apostolopoulos, Yorghos and Hege, Adam and Wideman, Laurie and S{\"o}nmez, Sevil},
  year = {2017},
  month = mar,
  journal = {Industrial Health},
  volume = {55},
  number = {2},
  pages = {149--161},
  issn = {0019-8366},
  doi = {10.2486/indhealth.2016-0127},
  pmcid = {PMC5383412},
  pmid = {28049935},
  keywords = {likeme,recent},
  file = {C\:\\Users\\chris\\Zotero\\storage\\MRL2AZUI\\LEMKE et al. - 2017 - Work, sleep, and cholesterol levels of U.S. long-h.pdf}
}

@misc{nhlbi2001,
  title = {{{ATP III At-A-Glance}}: {{Quick Desk Reference}}},
  author = {NHLBI},
  year = {2001},
  month = may,
  journal = {National Institutes of Health},
  howpublished = {https://www.nhlbi.nih.gov/health-topics/all-publications-and-resources/atp-iii-glance-quick-desk-reference},
  file = {C\:\\Users\\chris\\Zotero\\storage\\N3V9M4WD\\ATP III At-A-Glance Quick Desk Reference.pdf;C\:\\Users\\chris\\Zotero\\storage\\PNNGBXX7\\atp-iii-glance-quick-desk-reference.html}
}

@misc{ppaca2010,
  title = {The {{Patient Protection}} and {{Affordable Care Act}}},
  shorttitle = {Patient {{Protection}} and {{Affordable Care Act}}},
  year = {2010},
  month = mar,
  number = {111-148},
  pages = {119--1025},
  chapter = {1513},
  file = {C\:\\Users\\chris\\Zotero\\storage\\IIUGTWWH\\PLAW-111publ148.pdf}
}

@article{reynolds2018,
  title = {Working (Longer than) 9 to 5: Are There Cardiometabolic Health Risks for Young {{Australian}} Workers Who Report Longer than 38-h Working Weeks?},
  shorttitle = {Working (Longer than) 9 to 5},
  author = {Reynolds, Amy C. and Bucks, Romola S. and Paterson, Jessica L. and Ferguson, Sally A. and Mori, Trevor A. and McArdle, Nigel and Straker, Leon and Beilin, Lawrence J. and Eastwood, Peter R.},
  year = {2018},
  month = may,
  journal = {International Archives of Occupational and Environmental Health},
  volume = {91},
  number = {4},
  pages = {403--412},
  issn = {1432-1246},
  doi = {10.1007/s00420-018-1289-4},
  langid = {english},
  keywords = {likeme,recent},
  file = {C\:\\Users\\chris\\Zotero\\storage\\MHRB7C9R\\Reynolds et al. - 2018 - Working (longer than) 9 to 5 are there cardiometa.pdf}
}

@article{rivera2020,
  title = {Shift Work and Long Work Hours and Their Association with Chronic Health Conditions: {{A}} Systematic Review of Systematic Reviews with Meta-Analyses},
  shorttitle = {Shift Work and Long Work Hours and Their Association with Chronic Health Conditions},
  author = {Rivera, Adovich S. and Akanbi, Maxwell and O'Dwyer, Linda C. and McHugh, Megan},
  year = {2020},
  month = apr,
  journal = {PLOS ONE},
  volume = {15},
  number = {4},
  pages = {e0231037},
  publisher = {{Public Library of Science}},
  issn = {1932-6203},
  doi = {10.1371/journal.pone.0231037},
  langid = {english},
  keywords = {Breast cancer,Cancer risk factors,Cardiovascular disease risk,Cardiovascular diseases,Coronary heart disease,Diabetes mellitus,impact,Metaanalysis,recent,Systematic reviews},
  file = {C\:\\Users\\chris\\Zotero\\storage\\7N2HD7XN\\Rivera et al. - 2020 - Shift work and long work hours and their associati.pdf;C\:\\Users\\chris\\Zotero\\storage\\ZB3ELKMQ\\article.html}
}

@article{sasaki1999,
  title = {Association of {{Working Hours}} with {{Biological Indices Related}} to the {{Cardiovascular System}} among {{Engineers}} in a {{Machinery Manufacturing Company}}.},
  author = {Sasaki, Takeshi and Iwasaki, Kenji and Oka, Tatsuo and Hisanaga, Naomi},
  year = {1999},
  journal = {INDUSTRIAL HEALTH},
  volume = {37},
  number = {4},
  pages = {457--463},
  issn = {0019-8366, 1880-8026},
  doi = {10.2486/indhealth.37.457},
  langid = {english},
  keywords = {likeme,old},
  file = {C\:\\Users\\chris\\Zotero\\storage\\KRR6EPV2\\Sasaki et al. - 1999 - Association of Working Hours with Biological Indic.pdf}
}

@article{virani2021,
  title = {Heart {{Disease}} and {{Stroke Statistics}}\textemdash 2021 {{Update}}},
  author = {Virani, Salim S. and Alonso, Alvaro and Aparicio, Hugo J. and Benjamin, Emelia J. and Bittencourt, Marcio S. and Callaway, Clifton W. and Carson, April P. and Chamberlain, Alanna M. and Cheng, Susan and Delling, Francesca N. and Elkind, Mitchell S.V. and Evenson, Kelly R. and Ferguson, Jane F. and Gupta, Deepak K. and Khan, Sadiya S. and Kissela, Brett M. and Knutson, Kristen L. and Lee, Chong D. and Lewis, Ten{\'e} T. and Liu, Junxiu and Loop, Matthew Shane and Lutsey, Pamela L. and Ma, Jun and Mackey, Jason and Martin, Seth S. and Matchar, David B. and Mussolino, Michael E. and Navaneethan, Sankar D. and Perak, Amanda Marma and Roth, Gregory A. and Samad, Zainab and Satou, Gary M. and Schroeder, Emily B. and Shah, Svati H. and Shay, Christina M. and Stokes, Andrew and VanWagner, Lisa B. and Wang, Nae-Yuh and Tsao, Connie W.},
  year = {2021},
  month = feb,
  journal = {Circulation},
  volume = {143},
  number = {8},
  pages = {e254-e743},
  publisher = {{American Heart Association}},
  doi = {10.1161/CIR.0000000000000950},
  keywords = {AHA Scientific Statements,cardiovascular diseases,epidemiology,risk factors,statistics,stroke},
  file = {C\:\\Users\\chris\\Zotero\\storage\\CBA43CXL\\Virani et al. - 2021 - Heart Disease and Stroke Statistics‚Äî2021 Update.pdf}
}

@article{virtanen2019,
  title = {Long Working Hours, Anthropometry, Lung Function, Blood Pressure and Blood-Based Biomarkers: Cross-Sectional Findings from the {{CONSTANCES}} Study},
  shorttitle = {Long Working Hours, Anthropometry, Lung Function, Blood Pressure and Blood-Based Biomarkers},
  author = {Virtanen, Marianna and Magnusson Hansson, Linda and Goldberg, Marcel and Zins, Marie and Stenholm, Sari and Vahtera, Jussi and Westerlund, Hugo and Kivim{\"a}ki, Mika},
  year = {2019},
  month = feb,
  journal = {Journal of Epidemiology and Community Health},
  volume = {73},
  number = {2},
  pages = {130--135},
  issn = {0143-005X},
  doi = {10.1136/jech-2018-210943},
  pmcid = {PMC6352398},
  pmid = {30327450},
  keywords = {Likeme,recent},
  file = {C\:\\Users\\chris\\Zotero\\storage\\6KXY56F9\\Virtanen et al. - 2019 - Long working hours, anthropometry, lung function, .pdf}
}


